%YAML 1.1
%TAG !u! tag:unity3d.com,2011:
--- !u!1001 &100100000
Prefab:
  m_ObjectHideFlags: 1
  serializedVersion: 2
  m_Modification:
    m_TransformParent: {fileID: 0}
    m_Modifications: []
    m_RemovedComponents: []
  m_ParentPrefab: {fileID: 0}
  m_RootGameObject: {fileID: 1000014252958792}
  m_IsPrefabParent: 1
--- !u!1 &1000014252958792
GameObject:
  m_ObjectHideFlags: 0
  m_PrefabParentObject: {fileID: 0}
  m_PrefabInternal: {fileID: 100100000}
  serializedVersion: 5
  m_Component:
  - component: {fileID: 4000011930666010}
  - component: {fileID: 20000012474586294}
  - component: {fileID: 81000012335446608}
  - component: {fileID: 50008695874719768}
  - component: {fileID: 114912139102175084}
  - component: {fileID: 114538087083030256}
  - component: {fileID: 114385522817031064}
  - component: {fileID: 114786808085239050}
  - component: {fileID: 114802353742725360}
  - component: {fileID: 114484143531182518}
  m_Layer: 8
  m_Name: MainCamera
  m_TagString: MainCamera
  m_Icon: {fileID: 0}
  m_NavMeshLayer: 0
  m_StaticEditorFlags: 0
  m_IsActive: 1
--- !u!4 &4000011930666010
Transform:
  m_ObjectHideFlags: 1
  m_PrefabParentObject: {fileID: 0}
  m_PrefabInternal: {fileID: 100100000}
  m_GameObject: {fileID: 1000014252958792}
  m_LocalRotation: {x: 0, y: 0, z: 0, w: 1}
  m_LocalPosition: {x: -2.6823053, y: 5.0695133, z: -1}
  m_LocalScale: {x: 1, y: 1, z: 1}
  m_Children: []
  m_Father: {fileID: 0}
  m_RootOrder: 0
  m_LocalEulerAnglesHint: {x: 0, y: 0, z: 0}
--- !u!20 &20000012474586294
Camera:
  m_ObjectHideFlags: 1
  m_PrefabParentObject: {fileID: 0}
  m_PrefabInternal: {fileID: 100100000}
  m_GameObject: {fileID: 1000014252958792}
  m_Enabled: 1
  serializedVersion: 2
  m_ClearFlags: 3
  m_BackGroundColor: {r: 1, g: 1, b: 1, a: 0.019607844}
  m_NormalizedViewPortRect:
    serializedVersion: 2
    x: 0
    y: 0
    width: 1
    height: 1
  near clip plane: 0.3
  far clip plane: 1000
  field of view: 60
  orthographic: 0
  orthographic size: 10
  m_Depth: 1
  m_CullingMask:
    serializedVersion: 2
    m_Bits: 4294964191
  m_RenderingPath: -1
  m_TargetTexture: {fileID: 0}
  m_TargetDisplay: 0
  m_TargetEye: 3
  m_HDR: 0
  m_AllowMSAA: 1
  m_ForceIntoRT: 0
  m_OcclusionCulling: 1
  m_StereoConvergence: 10
  m_StereoSeparation: 0.022
  m_StereoMirrorMode: 0
--- !u!50 &50008695874719768
Rigidbody2D:
  serializedVersion: 4
  m_ObjectHideFlags: 1
  m_PrefabParentObject: {fileID: 0}
  m_PrefabInternal: {fileID: 100100000}
  m_GameObject: {fileID: 1000014252958792}
  m_BodyType: 0
  m_Simulated: 1
  m_UseFullKinematicContacts: 0
  m_UseAutoMass: 0
  m_Mass: 1
  m_LinearDrag: 0
  m_AngularDrag: 0.05
  m_GravityScale: 1
  m_Material: {fileID: 0}
  m_Interpolate: 0
  m_SleepingMode: 1
  m_CollisionDetection: 0
  m_Constraints: 0
--- !u!81 &81000012335446608
AudioListener:
  m_ObjectHideFlags: 1
  m_PrefabParentObject: {fileID: 0}
  m_PrefabInternal: {fileID: 100100000}
  m_GameObject: {fileID: 1000014252958792}
  m_Enabled: 1
--- !u!114 &114385522817031064
MonoBehaviour:
  m_ObjectHideFlags: 1
  m_PrefabParentObject: {fileID: 0}
  m_PrefabInternal: {fileID: 100100000}
  m_GameObject: {fileID: 1000014252958792}
  m_Enabled: 0
  m_EditorHideFlags: 0
  m_Script: {fileID: 11500000, guid: 646b5bc27a658f447b1d929fd5ffbd70, type: 3}
  m_Name: 
  m_EditorClassIdentifier: 
  mode: 1
  showGeneratedNormals: 0
  offsetScale: 0.2
  blurRadius: 18
  edgeThresholdMin: 0.05
  edgeThreshold: 0.2
  edgeSharpness: 4
  dlaaSharp: 0
  ssaaShader: {fileID: 4800000, guid: b3728d1488b02490cbd196c7941bf1f8, type: 3}
  dlaaShader: {fileID: 4800000, guid: 017ca72b9e8a749058d13ebd527e98fa, type: 3}
  nfaaShader: {fileID: 4800000, guid: ce0cb2621f6d84e21a87414e471a3cce, type: 3}
  shaderFXAAPreset2: {fileID: 4800000, guid: 6f1418cffd12146f2a83be795f6fa5a7, type: 3}
  shaderFXAAPreset3: {fileID: 4800000, guid: c182fa94a5a0a4c02870641efcd38cd5, type: 3}
  shaderFXAAII: {fileID: 4800000, guid: cd5b323dcc592457790ff18b528f5e67, type: 3}
  shaderFXAAIII: {fileID: 4800000, guid: c547503fff0e8482ea5793727057041c, type: 3}
--- !u!114 &114484143531182518
MonoBehaviour:
  m_ObjectHideFlags: 1
  m_PrefabParentObject: {fileID: 0}
  m_PrefabInternal: {fileID: 100100000}
  m_GameObject: {fileID: 1000014252958792}
  m_Enabled: 1
  m_EditorHideFlags: 0
  m_Script: {fileID: 11500000, guid: 4739c22ef73ad62488fe344c8fe9addd, type: 3}
  m_Name: 
  m_EditorClassIdentifier: 
  strengthX: 0
  strengthY: 0
  fishEyeShader: {fileID: 4800000, guid: 874ceab4425f64bccb1d14032f4452b1, type: 3}
--- !u!114 &114538087083030256
MonoBehaviour:
  m_ObjectHideFlags: 1
  m_PrefabParentObject: {fileID: 0}
  m_PrefabInternal: {fileID: 100100000}
  m_GameObject: {fileID: 1000014252958792}
  m_Enabled: 1
  m_EditorHideFlags: 0
  m_Script: {fileID: 11500000, guid: 97e9b95cf609d96409b6c40519432957, type: 3}
  m_Name: 
  m_EditorClassIdentifier: 
  filterType: 2
  preview: 0
  previewScale: {x: 1, y: 1, z: 1}
  movementScale: 0
  rotationScale: 1
  maxVelocity: 26.05
  minVelocity: 0.1
  velocityScale: 0.375
  softZDistance: 0.005
  velocityDownsample: 1
  excludeLayers:
    serializedVersion: 2
    m_Bits: 0
  shader: {fileID: 4800000, guid: 85a88efa8c871af4a9d17c64791b6f4f, type: 3}
  dx11MotionBlurShader: {fileID: 4800000, guid: f1b13d7a80660504a858ea24cfa418c6,
    type: 3}
  replacementClear: {fileID: 4800000, guid: 7699c5fbfa27745a1abe111ab7bf9785, type: 3}
  noiseTexture: {fileID: 2800000, guid: 31f5a8611c4ed1245b18456206e798dc, type: 3}
  jitter: 0.05
  showVelocity: 0
  showVelocityScale: 1
--- !u!114 &114786808085239050
MonoBehaviour:
  m_ObjectHideFlags: 1
  m_PrefabParentObject: {fileID: 0}
  m_PrefabInternal: {fileID: 100100000}
  m_GameObject: {fileID: 1000014252958792}
  m_Enabled: 1
  m_EditorHideFlags: 0
  m_Script: {fileID: 11500000, guid: dd6d4281e5d7cd44d8c6e38bc2c1b8d8, type: 3}
  m_Name: 
  m_EditorClassIdentifier: 
  mode: 0
  intensity: 0
  chromaticAberration: 0
  axialAberration: 0.5
  blur: 0
  blurSpread: 0.75
  luminanceDependency: 0.25
  blurDistance: 2.5
  vignetteShader: {fileID: 4800000, guid: 627943dc7a9a74286b70a4f694a0acd5, type: 3}
  separableBlurShader: {fileID: 4800000, guid: e97c14fbb5ea04c3a902cc533d7fc5d1, type: 3}
  chromAberrationShader: {fileID: 4800000, guid: 2b4f29398d9484ccfa9fd220449f5eee,
    type: 3}
--- !u!114 &114802353742725360
MonoBehaviour:
  m_ObjectHideFlags: 1
  m_PrefabParentObject: {fileID: 0}
  m_PrefabInternal: {fileID: 100100000}
  m_GameObject: {fileID: 1000014252958792}
  m_Enabled: 1
  m_EditorHideFlags: 0
  m_Script: {fileID: 11500000, guid: 9191284b058eef549b7108b5f04e1117, type: 3}
  m_Name: 
  m_EditorClassIdentifier: 
  intensityMultiplier: 0.25
  generalIntensity: 0
  blackIntensity: 1
  whiteIntensity: 1
  midGrey: 0.2
  dx11Grain: 1
  softness: 0
  monochrome: 0
  intensities: {x: 1, y: 1, z: 1}
  tiling: {x: 64, y: 64, z: 64}
  monochromeTiling: 64
  filterMode: 1
  noiseTexture: {fileID: 2800000, guid: 7a632f967e8ad42f5bd275898151ab6a, type: 3}
  noiseShader: {fileID: 4800000, guid: b0249d8c935344451aa4de6db76f0688, type: 3}
  dx11NoiseShader: {fileID: 4800000, guid: 8b30686bb4322ab42ad5eb50a0210b58, type: 3}
--- !u!114 &114912139102175084
MonoBehaviour:
  m_ObjectHideFlags: 1
  m_PrefabParentObject: {fileID: 0}
  m_PrefabInternal: {fileID: 100100000}
  m_GameObject: {fileID: 1000014252958792}
  m_Enabled: 1
  m_EditorHideFlags: 0
  m_Script: {fileID: 11500000, guid: e2686a21d72ca244da6527feb9d6bcf3, type: 3}
  m_Name: 
  m_EditorClassIdentifier: 
  overviewPosition: {x: 0, y: 0, z: 0}
